@misc{wisenet,
  doi = {10.4121/UUID:C1FB5962-E939-4C51-BFD5-EAC6F2935D44},
  url = {https://data.4tu.nl/articles/_/12714416/1},
  author = {Marroquin, Roberto and Dubois, J. (Julien) and Nicolle, C. (Christophe)},
  keywords = {Artificial Intelligence and Image Processing, FOS: Computer and information sciences, Computer Software, Building Information Modeling (BIM), Context-aware system, Multi-camera, People detection, People tracking},
  language = {en},
  title = {WiseNET: Multi-camera dataset},
  publisher = {4TU.Centre for Research Data},
  year = {2019},
  copyright = {Creative Commons Zero v1.0 Universal}
}
